%%%%%%%%%%%%%%%%%%%%%%%%%%%%%%%%%%%%%%%%%%%%%%%%%%%%%%%%%%%%%%%%%%%%%%%%
% Algebra
% Analytical and Continuous Mechanics
% Biomathematics
% Classical Physics
% Computer Science
% Differential Equations
% Geometry
% Mathematical Analysys
% Numerical Analysis
% Quantum Field Theory
% Quantum Mechanics
% Relativity And Classical Cosmology
% Thermomechanics Of Solids
%%%%%%%%%%%%%%%%%%%%%%%%%%%%%%%%%%%%%%%%%%%%%%%%%%%%%%%%%%%%%%%%%%%%%%%%


%%%%%%%%%%%%%%%%%%%%%%%%%%%%%%%%%%%%%%%%%%%%%%%%%%%%%%%%%%%%%%%%%%%%%%%%
% Algebra And Geoemetry
%%%%%%%%%%%%%%%%%%%%%%%%%%%%%%%%%%%%%%%%%%%%%%%%%%%%%%%%%%%%%%%%%%%%%%%%

@book{Artin,
	title = "Algebra",
    author = "Artin, Michael",
    year = "1970",
    publisher = "Bollati Boringhieri",
    keywords = "artin, linear algebra, abstract algebra, mathematics"
}

@book{Bosch,
	title = "Algebra",
    author = "Bosch, Siegfried",
    year = "2003",
    edition = "Fifth",
    publisher = "Springer",
    keywords = "bosch, abstract algebra, mathematics"
}

@book{Koblitz,
	title = "A Course In Number Theory And Cryptography",
    author = "Koblitz, Neal",
    year = "1998",
    edition = "Second",
    publisher = "Springer",
    keywords = "koblitz, number theory, cryptography, mathematics"
}

@book{lang,
	title = "Algebra Lineare [Trad: Linear Algebra]",
    author = "Lang, Serge",
    year = "2012",
    edition = "First",
    publisher = "Bollati Boringhieri",
    keywords = "lang, linear algebra, mathematics"
}


%%%%%%%%%%%%%%%%%%%%%%%%%%%%%%%%%%%%%%%%%%%%%%%%%%%%%%%%%%%%%%%%%%%%%%%%
% Analytical and Continuous Mechanics
%%%%%%%%%%%%%%%%%%%%%%%%%%%%%%%%%%%%%%%%%%%%%%%%%%%%%%%%%%%%%%%%%%%%%%%%

@book{ArnoldMech,
	title = "Mathematical Methods of Classical Mechanics",
    author = "Vladimir Arnold",
    year = "1989",
    publisher = "Springer",
    keywords = {arnold, mechanics, lagrangian, hamiltonian, physmat, mathematics}
}

@book{FM,
	title = "Meccanica Analitica [Trad: Analytical Mechanics]",
    author = "Antonio Fasano and Stefano Marmi",
    year = "2002",
    edition = "Second",
    publisher = "Bollati Boringhieri",
    keywords = "fasano, marmi, mechanics, lagrangian, hamiltonian, physmat, mathematics"
}

% Goldstein - Classical mechanics

% gurtin mechanics and thermodynamics of continua
% Riccardi, Durante - Elementi Di Fluidodinamica
% Ruggeri - Introduzione Alla Termomeccanica Dei Continui


%%%%%%%%%%%%%%%%%%%%%%%%%%%%%%%%%%%%%%%%%%%%%%%%%%%%%%%%%%%%%%%%%%%%%%%%
% Biomathematics
%%%%%%%%%%%%%%%%%%%%%%%%%%%%%%%%%%%%%%%%%%%%%%%%%%%%%%%%%%%%%%%%%%%%%%%%

@book{KSphys1,
	title = "Mathematical Physiology I: Cellular Physiology",
    author = "James Keener and James Sneid",
    year = "2008",
    edition = "Second",
    publisher = "Springer",
    keywords = "biomathematics, physiology, mathematics"
}

@book{KSphys2,
	title = "Mathematical Physiology II: System Physiology",
    author = "James Keener and James Sneid",
    year = "2008",
    edition = "Second",
    publisher = "Springer",
    keywords = "biomathematics, physiology, mathematics"
}

@book{Mu1,
	title = "Mathematical Biology I: An Introduction",
    author = "James Murray",
    year = "2002",
    edition = "Third",
    publisher = "Springer",
    keywords = "population, biomathematics, ecology, mathematics"
}

@book{Mu2,
	title = "Mathematical Biology II: Spatial Models And Biomedical Applications",
    author = "James Murray",
    year = "2002",
    edition = "Third",
    publisher = "Springer",
    keywords = "population, biomathematics, ecology, mathematics"
}

@book{Smith,
	title = "Models In Ecology",
    author = "J. Maynard Smith",
    year = "1978",
    publisher = "Springer",
    keywords = "population, biomathematics, ecology, mathematics"
}


%%%%%%%%%%%%%%%%%%%%%%%%%%%%%%%%%%%%%%%%%%%%%%%%%%%%%%%%%%%%%%%%%%%%%%%%
% Classical Physics
%%%%%%%%%%%%%%%%%%%%%%%%%%%%%%%%%%%%%%%%%%%%%%%%%%%%%%%%%%%%%%%%%%%%%%%%

@book{Jackson,
	title = "Classical Electrodynamics",
    author = "Jackson, Jhon David",
    year = "1998",
    edition = "Third",
    publisher = "Jhon Wiley and Sons",
    keywords = "electromagnetism, electrodynamics, electricity, magnetism, optics, waves, special relativity, physics"
}


@book{MNV1,
	title = "Fisica, Volume I",
    author = "Mazzoldi, P. and Nigro, M. and Voci, C.",
    year = "",
    edition = "Second",
    publisher = "EdiSES",
    keywords = "mechanics, thermodynamics, physics"
}

@book{MNV2,
	title = "Fisica, Volume II",
    author = "Mazzoldi, P. and Nigro, M. and Voci, C.",
    year = "",
    edition = "Second",
    publisher = "EdiSES",
    keywords = "electromagnetism, electricity, magnetism, optics, waves, physics"
}


% Fermi - Thermodynamics




%%%%%%%%%%%%%%%%%%%%%%%%%%%%%%%%%%%%%%%%%%%%%%%%%%%%%%%%%%%%%%%%%%%%%%%%
% Computer Science and Engineering
%%%%%%%%%%%%%%%%%%%%%%%%%%%%%%%%%%%%%%%%%%%%%%%%%%%%%%%%%%%%%%%%%%%%%%%%

@book{AI,
	title = "Strutture, Logica E Linguaggi [Trad: Structures, Logics And Languages]",
    author = "Luigia Carlucci Aiello and Fiora Pirri",
    year = "2005",
    edition = "First",
    publisher = "Pearson",
    keywords = "algebra, logic, languages, computer science, mathematics"
}

@book{CLRS,
	title = "Introduzione Agli Algoritmi E Alle Strutture Dati [Trad: Introduction To Algorithms And Data Structures]",
    author = "Thomas H. Cormen and Charles E. Leiserson and Ronald L. Rivest and Clifford Stein",
    year = "2009",
    edition = "Third",
    publisher = "McGraw Hill",
    keywords = "algorithms, complexity, computer science, mathematics"
}

@book{HMU,
	title = "Introduction To Automata Theory, Languages, and Computation",
    author = "John E. Hopcroft and Rajeev Motwani and Jeffrey D. Ullman",
    year = "2001",
    edition = "Second",
    publisher = "Pearson",
    keywords = "algorithms, automata, languages, complexity, computer science, mathematics"
}

@book{KH,
	title = "Mathematical Foundations Of Information Theory",
    author = "A. Khinchin",
    year = "2014",
    edition = "First",
    publisher = "Dover",
    keywords = "probability, information, computer science, mathematics"
}

@book{LM,
	title = "Elaborazione Numerica Dei Segnali [Trad: Numerical Signal Analysis]",
    author = "Massimo Laddomada and Marina Mondin",
    year = "2007",
    edition = "First",
    publisher = "Pearson",
    keywords = "dsp, signal, computer science, mathematics"
}

@book{ParallelNum,
	title = "Parallel and Distributed Computation: Numerical Methods",
    author = " Dimitri Bertsekas and John N. Tsitsiklis",
    year = "1989",
    edition = "First",
    publisher = "Prentice Hall",
    keywords = "numerical analysis, programming, parallel, distributed, mathematics"
}

@book{PH,
	title = "Computer Organization And Design",
    author = "David A. Patterson and John L. Hennessy",
    year = "2012",
    edition = "Fourth, revised",
    publisher = "Morgan Kaufmann",
    keywords = "computer architecture, digital electronics, computer science"
}


@book{PR,
	title = "Circuiti Elettrici [Trad: Electrical Circuits]",
    author = "Renzo Prefetti",
    year = "2007",
    edition = "Second",
    publisher = "Zanichelli",
    keywords = "electromagnetism, circuit, electrical"
}

@book{TvS,
	title = "Sistemi Distribuiti [Trad: Distributed Systems]",
    author = "Andrew Tanenbaum and Marteen Van Steen",
    year = "2007",
    edition = "Second",
    publisher = "Pearson",
    keywords = "network, distributed systems, computer science"
}


% coding theory
% elettronica
% database 1
% database 2
% sistemi operativi
% reti di telecomunicazione
% Ingegneria del software
% UML



%%%%%%%%%%%%%%%%%%%%%%%%%%%%%%%%%%%%%%%%%%%%%%%%%%%%%%%%%%%%%%%%%%%%%%%%
% Differential Equations
%%%%%%%%%%%%%%%%%%%%%%%%%%%%%%%%%%%%%%%%%%%%%%%%%%%%%%%%%%%%%%%%%%%%%%%%

@book{ArnoldODE,
	title = "Ordinary Differential Equations",
    author = "Vladimir Arnold",
    year = "1992",
	edition = "Third",
    publisher = "Springer",
    keywords = "analysis, ode, mathematics"
}

@book{Cod,
	title = "An Introduction To Ordinary Differential Equations",
    author = "Earl Coddington",
    year = "1989",
    publisher = "Dover",
    keywords = "calculus, analysis, ode, mathematics"
}

@book{Evans,
	title = "An Introduction To Partial Differential Equations",
    author = "Lawrence C. Evans",
    year = "1990",
    publisher = "American Mathematical Society",
    keywords = "calculus, analysis, pde, mathematics"
}

@book{Salsa,
	title = "Equazioni Alle Derivate Parziali: metodi, modelli e applicazioni [Trad: Partial Differential Equations: methods, models and applications]",
    author = "Sandro Salsa",
    year = "2010",
    edition = "Second",
    publisher = "Springer",
    keywords = "calculus, analysis, real, complex, mathematics"
}

@book{Strauss,
	title = "Partial Differential Equations",
    author = "Walter Strauss",
    year = "1966",
    edition = "Second",
    publisher = "Jhon Wiley and Sons",
    keywords = "calculus, analysis, real, complex, mathematics"
}

@book{TP,
	title = "Ordinary Differential Equations",
    author = "Morris Tenenbaum and Harry Pollard",
    year = "1985",
	edition = "Second",
    publisher = "Dover",
    keywords = "calculus, analysis, ode, mathematics"
}


%%%%%%%%%%%%%%%%%%%%%%%%%%%%%%%%%%%%%%%%%%%%%%%%%%%%%%%%%%%%%%%%%%%%%%%%
% Geoemetry
%%%%%%%%%%%%%%%%%%%%%%%%%%%%%%%%%%%%%%%%%%%%%%%%%%%%%%%%%%%%%%%%%%%%%%%%

@book{AbateTovena,
	title = "Geometria Differenziale [Trad: Differential Geometry]",
    author = "Abate, Marco and Tovena, Francesca",
    year = "2012",
    publisher = "Springer",
    keywords = "abate, tovena, geometry, differential geometry, riemmanian geometry, mathematics"
}

@book{FerrarioSimpl,
	title = "Simplicial Structures In Topology",
    author = "Ferrario, Davide Luigi and Piccinini, Renzo",
    year = "2013",
    publisher = "Springer",
    keywords = "ferrario, geometry, topology, algebraic topology, homology, chomology, homotopy, mathematics"
}

@book{FultonAlgebraicTopology,
	title = "Algebraic Topology A First Course",
    author = "Fulton, William",
    year = "1995",
    publisher = "Springer",
    keywords = "fulton, geometry, topology, algebraic topology, homology, chomology, homotopy, mathematics"
}

@book{ManettiTopologia,
	title = "Topologia [Trad: Topology]",
    author = "Manetti, Marco",
    year = "2014",
    edition = "Second",
    publisher = "Springer",
    keywords = "manetti, geometry, topology, algebraic topology, homology, chomology, homotopy, mathematics"
}

@book{NSgeoPhysics,
	title = "Topology and Geometry for Physicists",
    author = "Nash, Charles and Sen, Siddhartha",
    year = "1983",
    publisher = "Academic Press, London",
    keywords = "nash, sen, geometry, topology, algebraic topology, differential geometry, riemmanian geometry, mathematics"
}

@book{sernesi1,
	title = "Geometria 1 [Trad: Geometry 1]",
    author = "Sernesi, Edoardo",
    year = "2000",
    edition = "Second",
    publisher = "Bollati Boringhieri",
    keywords = "sernesi, linear algebra, geometry, affine, projective, mathematics"
}

@book{sernesi2,
	title = "Geometria 2 [Trad: Geometry 2]",
    author = "Sernesi, Edoardo",
    year = "1994",
    edition = "First",
    publisher = "Bollati Boringhieri",
    keywords = "sernesi, geometry, topology, differential geometry, mathematics"
}

@book{sternbergCurvature,
	title = "Curvature in Mathematics and Physics",
    author = "Sternberg, Shlomo",
    year = "2012",
    publisher = "Dover Publications",
    keywords = "sternberg, geometry, differential geometry, curvature, riemmanian geometry, mathematics"
}

@book{doCarmo,
	title = "Riemmanian Geometry",
    author = "do Carmo, Manfredo Perdig{\~a}o",
    year = "2012",
    publisher = "Springer",
    keywords = "do carmo, tovena, geometry, differential geometry, riemmanian geometry, mathematics"
}


% 
% Riemman Geometry
% Do carmo - Riemmanian geometry
% Petersen - Riemmanian geometry



%%%%%%%%%%%%%%%%%%%%%%%%%%%%%%%%%%%%%%%%%%%%%%%%%%%%%%%%%%%%%%%%%%%%%%%%
% Mathematical Analysis
%%%%%%%%%%%%%%%%%%%%%%%%%%%%%%%%%%%%%%%%%%%%%%%%%%%%%%%%%%%%%%%%%%%%%%%%

@book{Ap1,
	title = "Calculus And Linear Algebra Volume I",
    author = "Tom M. Apostol",
    year = "1966",
    edition = "Second",
    publisher = "Jhon Wiley and Sons",
    keywords = "calculus, analysis, linear algebra, mathematics",
}

@book{Ap2,
	title = "Calculus And Linear Algebra Volume II",
    author = "Tom M. Apostol",
    year = "1968",
    edition = "Second",
    publisher = "Jhon Wiley and Sons",
    keywords = "calculus, analysis, linear algebra, mathematics"
}

@book{Brezis,
	title = "Functional Analysis, Sobolev Spaces And Partial Differential Equations",
    author = "Haim Brezis",
    year = "2010",
    publisher = "Springer",
    keywords = "functional, sobolev, analysis, pde, mathematics"
}

@book{Giu1,
	title = "Analisi Matematica 1 [Trad: Mathematical Analysis 1]",
    author = "Enrico Giusti",
    year = "2002",
    edition = "Third",
    publisher = "Bollati Boringhieri",
    keywords = "calculus, analysis, mathematics"
}

@book{Giu2,
	title="Analisi Matematica 2 [Trad: Mathematical Analysis 2]",
    author = "Enrico Giusti",
    year = "2003",
    edition = "Third",
    publisher = "Bollati Boringhieri",
    keywords = "calculus, analysis, mathematics"
}

@book{Ru1,
	title = "Principles Of Mathematical Analysis",
    author = "Walter Rudin",
    year = "1976",
    edition = "Third",
    publisher = "McGraw-Hill",
    keywords = "calculus, analysis, mathematics"
}

@book{Ru2,
	title = "Real And Complex Analysis",
    author = "Walter Rudin",
    year = "1979",
	edition = "Third",
    publisher = "McGraw-Hill",
    keywords = "calculus, analysis, real, complex, mathematics",
}

% rudin functional analysis
% conway functional analysis
% stein shakashi complex analysis
% halmos measure theory
% komolgorov fomin element of functional analysis


%%%%%%%%%%%%%%%%%%%%%%%%%%%%%%%%%%%%%%%%%%%%%%%%%%%%%%%%%%%%%%%%%%%%%%%%
% Numerical Analysis
%%%%%%%%%%%%%%%%%%%%%%%%%%%%%%%%%%%%%%%%%%%%%%%%%%%%%%%%%%%%%%%%%%%%%%%%

@book{BLM,
	title = "The mimetic finite difference method for elliptic problems",
	author = "Beir{\~a}o Da Veiga, Louren{\c{c}}o and Lipnikov, Konstantine and Manzini, Gianmarco",
	year = "2014",
	edition = "Third",
	publisher = "Springer",
    keywords = "numerical analysis, pde, mfd, elliptic, mathematics"
}


@book{BS,
	title = "The Mathematical Theory of Finite Element Method",
    author = "Susanne C. Brenner and L. Ridgway Scott",
    year = "2007",
    edition = "Third",
    publisher = "Springer",
    keywords = "numerical analysis, pde, fem, elliptic, mathematics"
}

@book{Bu,
	title = "Numerical Methods for Ordinary Differential Equations",
    author = "Jhon C. Butcher",
    year = "2003",
    edition = "Second",
    publisher = "Jhon Wiley and Sons",
    keywords = "numerical analysis, ode, mathematics"
}

@book{CHYisogeometric,
	title = " Isogeometric Analysis: Toward Integration of CAD and FEA",
    author = "Cottrell, J. Austin and Hughes, Thomas J.R. and Bazilevs, Yuri",
    year = "2009",
    publisher = "Wiley",
    keywords = "numerical analysis, fem, isogeometric, cad, mathematics"
}

@book{Ciarlet,
	title = "The Finite Element Method for Elliptic Problems",
    author = "P. G. Ciarlet",
    year = "1978",
    publisher = "North-Holland",
    keywords = "numerical analysis, pde, fem, elliptic, mathematics"
}

@book{GrHig,
	title = "Numerical Methods for Ordinary Differential Equations",
    author = "Griffiths and Higham",
    year = "2010",
    publisher = "Springer",
    keywords = "numerical analysis, ode, mathematics"
}

@book{HNW1,
	title = "Solving Ordinary Differential Equations Volume 1: Nonstiff Problems",
    author = "Ernst Hairer and Syvert P. Noersett and Gerhard Wanner",
    year = "1992",
    edition = "Second",
    publisher = "Springer",
    keywords = "numerical analysis, ode, mathematics"
}

@book{HNW2,
	title = "Solving Ordinary Differential Equations Volume 2: Stiff And Differential Algebric Problems",
    author = "Ernst Hairer and Syvert P. Noersett and Gerhard Wanner",
    year = "1994",
    edition = "Second",
    publisher = "Springer",
    keywords = "numerical analysis, ode, mathematics"
}

@book{J,
	title = "General Linear Methods For Ordinary Differential Equations",
    author = "Jackiewicz",
    year = "1966",
    publisher = "Jhon Wiley and Sons",
    keywords = "numerical analysis, ode, mathematics"
}

@book{Q,
	title = "Modellistica Numerica Per Problemi Differenziali [Trad: Numerical Modelling For Differential Problems]",
    author = "Quarteroni",
    year = "2008",
    edition = "Fourth",
    publisher = "Springer",
    keywords = "numerical analysis, pde, fem, mathematics"
}

@book{QSS,
	title = "Matematica Numerica [Trad: Numerical Mathematics]",
    author = "Alfio Quarteroni and Riccardo Sacco and Fausto Saleri",
    year = "2008",
    edition = "Third",
    publisher = "Springer",
    keywords = "numerical analysis, mathematics"
}

@book{SaadSparse,
	title = "Iterative methods for sparse linear systems",
    author = "Yousef Saad",
    year = "2003",
    edition = "Second",
    publisher = "SIAM",
    keywords = "numerical analysis, linear algebra, sparse systems, mathematics"
}

@book{Strang,
	title = "Applied Mathematics",
    author = "Gilbert Strang",
    year = "1986",
    edition = "First",
    publisher = "Wellesley-Cambridge Press",
    keywords = "numerical analysis, mathematics"
}



% Boffi, Brezzi, Fortin - Mixed finite element methods and applications
% Di Pietro, Ern - Mathematical Aspects Of Discontinuous Galerkin Methods
% Thomee - Galerkin finite element methods for parabolic problems

%%%%%%%%%%%%%%%%%%%%%%%%%%%%%%%%%%%%%%%%%%%%%%%%%%%%%%%%%%%%%%%%%%%%%%%%
% Probability And Statistic
%%%%%%%%%%%%%%%%%%%%%%%%%%%%%%%%%%%%%%%%%%%%%%%%%%%%%%%%%%%%%%%%%%%%%%%%

% Ross - Probability and Statistic
% Caravenna Probabilità
% Jacod Protter - Probability Essentials
% Williams - Probability
% Baldi - Equazioni Differenziali Stocastiche


%%%%%%%%%%%%%%%%%%%%%%%%%%%%%%%%%%%%%%%%%%%%%%%%%%%%%%%%%%%%%%%%%%%%%%%%
% Quantum Physics
%%%%%%%%%%%%%%%%%%%%%%%%%%%%%%%%%%%%%%%%%%%%%%%%%%%%%%%%%%%%%%%%%%%%%%%%

@book{Maggiore,
	title = "A Modern Introduction To Quantum Field Theory",
    author = "Michele Maggiore",
    year = "2005",
    edition = "First",
    publisher = "Oxford University Press",
    keywords = "path integral, quantum field theory, physics"
}

% griffith quantum mechanics
% sakurai quantum mechanics
% fabulay yakulowsky quantum mechanics math

% particle physics

% walecka quantum many body systems

% Peskin shroeder quantum field theory

%%%%%%%%%%%%%%%%%%%%%%%%%%%%%%%%%%%%%%%%%%%%%%%%%%%%%%%%%%%%%%%%%%%%%%%%
% Relativity And Classical Cosmology
%%%%%%%%%%%%%%%%%%%%%%%%%%%%%%%%%%%%%%%%%%%%%%%%%%%%%%%%%%%%%%%%%%%%%%%%

% Gasperini - Relatività Speciale
% Gasperini - Relatività Generale
% Gasperini - Elementi Di Comsologia
% Caroll - Lectures on General Relativity
% Wald - General Relativity
% Ryden - Cosmology
% Weinberg - Cosmology

%%%%%%%%%%%%%%%%%%%%%%%%%%%%%%%%%%%%%%%%%%%%%%%%%%%%%%%%%%%%%%%%%%%%%%%%
% Statistical Mechanics
%%%%%%%%%%%%%%%%%%%%%%%%%%%%%%%%%%%%%%%%%%%%%%%%%%%%%%%%%%%%%%%%%%%%%%%%

% hang statistical mechanics
% pellitti statistical


