%%%%%%%%%%%%%%%%%%%%%%%%%%%%%%%%%%%%%%%%%%%%%%%%%%%%%%%%%%%%%%%%%%%%%%%%
% h, p and hp FEM
% (!)p-FEM
% Isoparametric elementi for curved boundaries
% (!)Error-Bounds for Finite Element Method
%
% Partition Of Unity Method
% The partition of unity finite element method
% Special finite element method for a class of second order elliptic problems with rough coefficients
% hp-cloud
% Meshless - Survey
% Crack propagation by element-free Galerkin methods
% Element-free Galerkin methods
% Diffuse approximation and diffuse elements
% Smoothed particle hydrodynamics
%
% GFEM Helmholtz
% GFEM introduction
% XFEM survery (2014)
% Mimetic Finite Differences
% Virtual Element Method
%%%%%%%%%%%%%%%%%%%%%%%%%%%%%%%%%%%%%%%%%%%%%%%%%%%%%%%%%%%%%%%%%%%%%%%%

%%%%%%%%%%%%%%%%%%%%%%%%%%%%%%%%%%%%%%%%%%%%%%%%%%%%%%%%%%%%%%%%%%%%%%%%
% h, p and hp FEM
%%%%%%%%%%%%%%%%%%%%%%%%%%%%%%%%%%%%%%%%%%%%%%%%%%%%%%%%%%%%%%%%%%%%%%%%

% Babuska, Suri - the p and hp version of the finite element method, basic principles and properties
% p And hp FEM
@article{babuvska1994hp,
  title = "The p and h-p versions of the finite element method, basic principles and properties",
  author = "Babu{\v{s}}ka, Ivo and Suri, Manil",
  journal = "SIAM review",
  volume = "36",
  number = "4",
  pages = "578--632",
  year = "1994",
  publisher = "SIAM"
}


% Babuska, Szabo, Katz, The p-version of the finite element method
% Introductory paper to the p-fem
@article{babuvska1981p,
  title = "The p-version of the finite element method",
  author = "Babu{\v{s}}ka, Ivo and Szabo, Barna A and Katz, I Norman",
  journal = "SIAM journal on numerical analysis",
  volume = "18",
  number = "3",
  pages = "515--545",
  year = "1981",
  publisher = "SIAM"
}

@article{lenoir1986optimal, 
	title = "Optimal isoparametric finite elements and error estimates for domains involving curved boundaries", 
	author = "Lenoir, M", 
	journal = "SIAM Journal on Numerical Analysis", 
	volume = "23", 
	number = "3", 
	pages = "562--580", 
	year = "1986", 
	publisher = "SIAM"
}

@article{babuska1971BLM,
	title = "Error-Bounds for Finite Element Method",
	author = "Babuska, Ivo",
	journal = "Numerische Mathematik",
	volume = "16",
	pages = "322-333",	
	year = "1971",
	url = "http://eudml.org/doc/132037"
}


%%%%%%%%%%%%%%%%%%%%%%%%%%%%%%%%%%%%%%%%%%%%%%%%%%%%%%%%%%%%%%%%%%%%%%%%
% Meshless
%%%%%%%%%%%%%%%%%%%%%%%%%%%%%%%%%%%%%%%%%%%%%%%%%%%%%%%%%%%%%%%%%%%%%%%%


% Duarte, Oden - HP-clouds, an hp meshless method
% First paper introducing hp-clouds

@article{duarte1996hpc,
  title = "Hp clouds-an hp meshless method",
  author = "Duarte, C Armando and Oden, J Tinsley",
  journal = "Numerical methods for partial differential equations",
  volume = "12",
  number = "6",
  pages = "673--706",
  year = "1996",
  publisher = "New York: Wiley, c1985-"
}


% Duarte - A review of some meshless methods to solve partial differential equations
% Survery paper of meshless methods:
% - Diffusive Element Method (DEM)
% - Element Free Galerkin Method (EFGM)
% - Smoothed Particle Hydrodinamics (SPH)
@book{duarte1995review,
  title = "A review of some meshless methods to solve partial differential equations",
  author = "Duarte, C Armando",
  year = "1995",
  publisher = "Texas Institute for Computational and Applied Mathematics USA"
}

% Belytschko, Lu, Gu - Crack propagation by element-free Galerkin methods.
@article{belytschko1995crack,
  title = "Crack propagation by element-free Galerkin methods",
  author = "Belytschko, T and Lu, YY and Gu, L",
  journal = "Engineering Fracture Mechanics",
  volume = "51",
  number = "2",
  pages = "295--315",
  year = "1995",
  publisher = "Elsevier"
}


% Belytschko, Lu, Gu - Element-free Galerkin methods
@article{belytschko1994efgm,
  title = "Element-free Galerkin methods",
  author = "Belytschko, Ted and Lu, Yun Yun and Gu, Lei",
  journal = "International journal for numerical methods in engineering",
  volume = "37",
  number = "2",
  pages = "229--256",
  year = "1994",
  publisher = "Wiley Online Library"
}

% Nayroles, Touzot, Villon - Generalizing the finite element method: Diffuse approximation and diffuse elements

@article{nayroles1992dem,
  title = "Generalizing the finite element method: diffuse approximation and diffuse elements",
  author = "Nayroles, B and Touzot, G and Villon, P",
  journal = "Computational mechanics",
  volume = "10",
  number = "5",
  pages = "307--318",
  year = "1992",
  publisher = "Springer"
}

% Monaghan - Introduction to the smoothed particle hydrodynamics method

@article{monaghan1988sph,
  title = "Introduction to SPH",
  author = "Monaghan, J.J.",
  journal = "Computer Physics Comunications",
  volume = "48",
  pages = "89--96",
  year = "1988",
}


%%%%%%%%%%%%%%%%%%%%%%%%%%%%%%%%%%%%%%%%%%%%%%%%%%%%%%%%%%%%%%%%%%%%%%%%
% PUM and PUFEM
%%%%%%%%%%%%%%%%%%%%%%%%%%%%%%%%%%%%%%%%%%%%%%%%%%%%%%%%%%%%%%%%%%%%%%%%


% Babuska, Melenk - The partition of unity method
% First paper introducing the PUM

@article{babuvska1997partition,
  title = "The partition of unity method",
  author = "Babu{\v{s}}ka, Ivo and Melenk, Jens M",
  journal = "International journal for numerical methods in engineering",
  volume = "40",
  number = "4",
  pages = "727--758",
  year = "1997",
  publisher = "Wiley Online Library"
}

% Babuska, Melenk - The partition of unity finite element method: Basic theory and applications
@article{melenk1996partition,
  title = "The partition of unity finite element method: basic theory and applications",
  author = "Melenk, Jens M and Babu{\v{s}}ka, Ivo",
  journal = "Computer methods in applied mechanics and engineering",
  volume = "139",
  number = "1",
  pages = "289--314",
  year = "1996",
  publisher = "Elsevier"
}

% Babuska, Caloz, Osborn - Special finite element method for a class of second order elliptic problems with rough coefficients
% First paper introducing the idea of using a partition of unity for pde

@article{babuvska1994special,
  title = "Special finite element methods for a class of second order elliptic problems with rough coefficients",
  author = "Babu{\v{s}}ka, Ivo and Caloz, Gabriel and Osborn, John E",
  journal = "SIAM Journal on Numerical Analysis",
  volume = "31",
  number = "4",
  pages = "945--981",
  year = "1994",
  publisher = "SIAM"
}


%%%%%%%%%%%%%%%%%%%%%%%%%%%%%%%%%%%%%%%%%%%%%%%%%%%%%%%%%%%%%%%%%%%%%%%%
% GFEM XFEM
%%%%%%%%%%%%%%%%%%%%%%%%%%%%%%%%%%%%%%%%%%%%%%%%%%%%%%%%%%%%%%%%%%%%%%%%

% Fries, Belytschko - The extended/generalized finite element method: an overview of the method and its applications
% Survey XFEM

@article{fries2010xfem,
  title = "The extended/generalized finite element method: an overview of the method and its applications",
  author = "Fries, Thomas-Peter and Belytschko, Ted",
  journal = "International Journal for Numerical Methods in Engineering",
  volume = "84",
  number = "3",
  pages = "253--304",
  year = "2010",
  publisher = "Wiley Online Library"
}

% Babuska, Copps, Strouboulis - The generalized finite element method for Helmholtz equation: Theory, Computation and Open problems
% Application of GFEM to Helmoltz equation

@article{strouboulis2006gfem,
  title = "The generalized finite element method for Helmholtz equation: theory, computation, and open problems",
  author = "Strouboulis, Theofanis and Babu{\v{s}}ka, Ivo and Hidajat, Realino",
  journal = "Computer Methods in Applied Mechanics and Engineering",
  volume = "195",
  number = "37",
  pages = "4711--4731",
  year = "2006",
  publisher = "Elsevier"
}

% Babuska, Copps, Strouboulis - Generalized finite element method: Main ideas, Results and Perspectives
% Survey GFEM (Partition Unit Method + FEM)

@article{babuvska2004gfem,
  title = "Generalized finite element methodsâ€”main ideas, results and perspective",
  author = "Babu{\v{s}}ka, Ivo and Banerjee, Uday and Osborn, John E",
  journal = "International Journal of Computational Methods",
  volume = "1",
  number = "01",
  pages = "67--103",
  year = "2004",
  publisher = "World Scientific",
  keywords = "Generalized finite element method, GFEM, Hybrid, Meshless, Meshfree",
}



%%%%%%%%%%%%%%%%%%%%%%%%%%%%%%%%%%%%%%%%%%%%%%%%%%%%%%%%%%%%%%%%%%%%%%%%
% Mimetic Finite Differences
%%%%%%%%%%%%%%%%%%%%%%%%%%%%%%%%%%%%%%%%%%%%%%%%%%%%%%%%%%%%%%%%%%%%%%%%

% Hyman, Shashkov - Mimetic discretisation of Maxwell equations
% Application of MDF to Maxwell Equations.

@article{hyman1999mimetic,
  	title = "Mimetic discretizations for Maxwell's equations",
  	author = "Hyman, James M and Shashkov, Mikhail",
  	journal = "Journal of Computational Physics",
  	volume = "151",
  	number = "2",
  	pages = "881--909",
  	year = "1999",
  	publisher = "Elsevier"
}

% Beirao, Gyrya, Lipnikov, Manzini - Mimetic finite differences for the Stokes problem on polygonal meshes
% Application of MDF to the Stokes problem 

@article{da2009mimetic,
	title = "Mimetic finite difference method for the Stokes problem on polygonal meshes",
  	author = "Beir{\~a}o Da Veiga, Louren{\c{c}}o and Gyrya, Vitaliy and Lipnikov, Konstantin and Manzini, Gianmarco",
  	journal = "Journal of Computational Physics",
  	volume = "228",
  	number = "19",
  	pages = "7215--7232",
  	year = "2009",
  	publisher = "Elsevier"
}

% Beirao - A mimetic discretization method for linear elasticity
% Application of MDF to linear elasticity.
@article{Beirao2010mimeticElasticity,
	author = {Beir{\~a}o Da Veiga, Louren{\c{c}}o},
	title = {A mimetic discretization method for linear elasticity},
	DOI= "10.1051/m2an/2010001",
	url= "http://dx.doi.org/10.1051/m2an/2010001",
	journal = {ESAIM: M2AN},
	year = 2010,
	volume = 44,
	number = 2,
	pages = "231-250",
	month = "",
}


% Brezzi, buffa, lipnikov - Mimetic finite differences for elliptic problems
@article{brezzi2009mimetic,
	title = "Mimetic finite differences for elliptic problems",
	author = "Brezzi, Franco and Buffa, Annalisa and Lipnikov, Konstantin",
  	journal = "ESAIM: Mathematical Modelling and Numerical Analysis",
  	volume = "43",
  	number = "2",
  	pages = "277--295",
  	year = "2009",
  	publisher = "EDP Sciences"
}



% Konstantin Lipnikov, Gianmarco Manzini, Mikhail Shashkov - Mimetic finite difference method
% Survey Of MFDM
@article{Lipnikov20141163,
	title = "Mimetic finite difference method ",
	author = "Lipnikov, Konstantin and Manzini Gianmarco and Shashkov, Mikhail",	
	journal = "Journal of Computational Physics ",
	volume = "257, Part B",
	number = "",
	pages = "1163 - 1227",
	year = "2014",
	note = "Physics-compatible numerical methods ",
	issn = "0021-9991",
	doi = "http://dx.doi.org/10.1016/j.jcp.2013.07.031",
	url = "http://www.sciencedirect.com/science/article/pii/S0021999113005135",
	keywords = "Mimetic finite difference method, MFD, Discrete vector and tensor 		calculus, Lagrangian hydrodynamics",
}

%%%%%%%%%%%%%%%%%%%%%%%%%%%%%%%%%%%%%%%%%%%%%%%%%%%%%%%%%%%%%%%%%%%%%%%%
% Virtual Element Method
%%%%%%%%%%%%%%%%%%%%%%%%%%%%%%%%%%%%%%%%%%%%%%%%%%%%%%%%%%%%%%%%%%%%%%%%

% Beirao, Brezzi, Marini, Russo - Mixed virtual elements methods for general second order elliptic problems on polygonal meshes
% Mixed virtual elements for elliptic equations

@article{da2016mixed,
  	title = "Mixed virtual element methods for general second order elliptic problems on polygonal meshes",
  	author= "Beir{\~a}o da Veiga, Louren{\c{c}}o and Brezzi, Franco and Marini, Luisa Donatella and Russo, Alessandro",
 	journal = "ESAIM: Mathematical Modelling and Numerical Analysis",
  	volume = "50",
  	number = "3",
  	pages = "727--747",
  	year = "2016",
  	publisher = "EDP Sciences"
}

% Beirao, Brezzi, Marini, Russo - Virtual elements methods for general second order elliptic problems on polygonal meshes
% Virtual elements for elliptic equations

@article{beirao2016vemElliptic,
  	title  = "Virtual Element Method for general second-order elliptic problems on polygonal meshes",
  	author = "Beir{\~a}o da Veiga, Louren{\c{c}}o and Brezzi, Franco and Marini, Donatella L and Russo, Alessandro",
  	journal = "Mathematical Models and Methods in Applied Sciences",
  	volume = "26",
  	number = "0",
  	pages = "729--750",
  	year = "2016",
  	publisher = "World Scientific"
}


% Beirao, Brezzi, Marini - Virtual elements for linear elasticity problems
% VEM application to linear elasticity
@article{beirao2013vemElasticity,
  	title = "Virtual elements for linear elasticity problems",
  	author = "Beir{\~a}o Da Veiga, Louren{\c{c}}o and Brezzi, Franco and Marini, L Donatella",
  	journal = "SIAM Journal on Numerical Analysis",
  	volume = "51",
  	number = "2",
  	pages = "794--812",
  	year = "2013",
  	publisher = "SIAM"
}

% Beirao, Brezzi, Marini, Russo - The Hitchhiker's Guide to the Virtual Element Method
% Introduction to VEM with emphasis to applications

@article{beirao2014hitchhiker,
	author = "Beir{\~a}o Da Veiga, Louren{\c{c}}o and Brezzi, Franco and Marini, 	Donatella and Russo, Alessandro",
	title = "The Hitchhiker's Guide to the Virtual Element Method",
	journal = "Mathematical Models and Methods in Applied Sciences",
	volume = "24",
	number = "08",
	pages = "1541-1573",
	year = "2014",
	doi = "10.1142/S021820251440003X",
	URL = "http://www.worldscientific.com/doi/abs/10.1142/S021820251440003X",
	eprint = "http://www.worldscientific.com/doi/pdf/10.1142/S021820251440003X"
}

% Beirao, Brezzi, Cangiani, Manzini, Marini, Russo - asic Principles Of Virtual Element Methods
% First paper introducing VEM

@article{beirao2013vem,
	author = "Beir{\~a}o Da Veiga, Louren{\c{c}}o and Brezzi, Franco and Cangiani, Andrea 	and Manzini, Gianmarco and Marini, Donatella and Russo, Alessandro",
	title = "Basic Principles Of Virtual Element Methods",
	journal = "Mathematical Models and Methods in Applied Sciences",
	volume = "23",
	number = "01",
	pages = "199-214",
	year = "2013",
	doi = "10.1142/S0218202512500492",
	URL = "http://www.worldscientific.com/doi/abs/10.1142/S0218202512500492",
	eprint = "http://www.worldscientific.com/doi/pdf/10.1142/S0218202512500492"
}
